<record><leader>00000cas a2200000 a 4500</leader><controlfield tag="001">13944136</controlfield><controlfield tag="008">860725u1uuuuuuunyuir ne      0    0eng  </controlfield><datafield ind1=" " ind2=" " tag="010"><subfield code="a">sn 86071742 </subfield></datafield><datafield ind1=" " ind2=" " tag="040"><subfield code="a">DLC</subfield><subfield code="b">eng</subfield><subfield code="c">DLC</subfield><subfield code="d">KNP</subfield><subfield code="d">OCL</subfield><subfield code="d">OCLCQ</subfield></datafield><datafield ind1=" " ind2=" " tag="042"><subfield code="a">msc</subfield></datafield><datafield ind1="0" ind2="0" tag="050"><subfield code="a">Newspaper 9112</subfield></datafield><datafield ind1="0" ind2=" " tag="130"><subfield code="a">Rochester daily advertiser (Rochester, N.Y. : 1846)</subfield></datafield><datafield ind1="1" ind2="0" tag="245"><subfield code="a">Rochester daily advertiser.</subfield></datafield><datafield ind1=" " ind2=" " tag="250"><subfield code="a">[For the country].</subfield></datafield><datafield ind1=" " ind2=" " tag="260"><subfield code="a">Rochester [N.Y. :</subfield><subfield code="b">L. Tucker]</subfield></datafield><datafield ind1=" " ind2=" " tag="300"><subfield code="a">v. ;</subfield><subfield code="c">61 cm.</subfield></datafield><datafield ind1=" " ind2=" " tag="310"><subfield code="a">Triweekly</subfield></datafield><datafield ind1=" " ind2=" " tag="580"><subfield code="a">Also published in a daily ed. with title: Rochester daily advertiser.</subfield></datafield><datafield ind1=" " ind2=" " tag="588"><subfield code="a">Description based on: June 1/2, 1846.</subfield></datafield><datafield ind1=" " ind2="4" tag="651"><subfield code="a">Rochester (N.Y.)</subfield><subfield code="v">Newspapers.</subfield></datafield><datafield ind1=" " ind2=" " tag="752"><subfield code="a">United States</subfield><subfield code="b">New York</subfield><subfield code="c">Monroe</subfield><subfield code="d">Rochester.</subfield></datafield><datafield ind1="1" ind2=" " tag="775"><subfield code="a">Rochester daily advertiser (Rochester, N.Y. : 1830)</subfield><subfield code="w">(DLC)sn 84035882</subfield></datafield><datafield ind1="1" ind2=" " tag="029"><subfield code="a">AU@</subfield><subfield code="b">000025790692</subfield></datafield></record>